<record><leader>00000cas a2200000 a 4500</leader><controlfield tag="001">25277912</controlfield><controlfield tag="008">920214d18661917iluwr ne      0    0eng c</controlfield><datafield ind1=" " ind2=" " tag="010"><subfield code="a">sn 92053768 </subfield></datafield><datafield ind1=" " ind2=" " tag="040"><subfield code="a">NVF</subfield><subfield code="b">eng</subfield><subfield code="c">NVF</subfield><subfield code="d">NVF</subfield><subfield code="d">OCLCQ</subfield><subfield code="d">OCLCF</subfield><subfield code="d">OCLCO</subfield></datafield><datafield ind1="1" ind2=" " tag="029"><subfield code="a">AU@</subfield><subfield code="b">000020704045</subfield></datafield><datafield ind1=" " ind2=" " tag="042"><subfield code="a">pcc</subfield></datafield><datafield ind1=" " ind2=" " tag="043"><subfield code="a">n-us-il</subfield></datafield><datafield ind1="0" ind2=" " tag="130"><subfield code="a">Union banner (Carlyle, Ill. : 1866)</subfield></datafield><datafield ind1="1" ind2="4" tag="245"><subfield code="a">The union banner.</subfield></datafield><datafield ind1=" " ind2=" " tag="260"><subfield code="a">Carlyle, Ill. :</subfield><subfield code="b">James W. Peterson,</subfield><subfield code="c">1866-1917.</subfield></datafield><datafield ind1=" " ind2=" " tag="300"><subfield code="a">v.</subfield></datafield><datafield ind1=" " ind2=" " tag="310"><subfield code="a">Weekly</subfield></datafield><datafield ind1="0" ind2=" " tag="362"><subfield code="a">Vol. 3, no. 35 (Feb. 1, 1866)-v. 54, no. 34 (Feb. 2, 1917).</subfield></datafield><datafield ind1=" " ind2="0" tag="651"><subfield code="a">Carlyle (Ill.)</subfield><subfield code="v">Newspapers.</subfield></datafield><datafield ind1=" " ind2="7" tag="655"><subfield code="a">Newspapers.</subfield><subfield code="2">fast</subfield><subfield code="0">(OCoLC)fst01423814</subfield></datafield><datafield ind1=" " ind2="7" tag="651"><subfield code="a">Illinois</subfield><subfield code="z">Carlyle.</subfield><subfield code="2">fast</subfield><subfield code="0">(OCoLC)fst01259386</subfield></datafield><datafield ind1=" " ind2=" " tag="752"><subfield code="a">United States</subfield><subfield code="b">Illinois</subfield><subfield code="c">Clinton</subfield><subfield code="d">Carlyle.</subfield></datafield><datafield ind1="0" ind2="0" tag="780"><subfield code="t">Weekly union banner</subfield><subfield code="w">(DLC)sn 92053767</subfield><subfield code="w">(OCoLC)25277873</subfield></datafield><datafield ind1="0" ind2="0" tag="785"><subfield code="t">Carlyle union banner</subfield><subfield code="w">(DLC)sn 92053769</subfield><subfield code="w">(OCoLC)25277991</subfield></datafield></record>